<record><leader>00000cas a2200000 a 4500</leader><controlfield tag="001">25932619</controlfield><controlfield tag="008">920603d190419uuiluwr ne      0   a0eng c</controlfield><datafield ind1=" " ind2=" " tag="010"><subfield code="a">sn 92053268 </subfield></datafield><datafield ind1=" " ind2=" " tag="040"><subfield code="a">NVF</subfield><subfield code="b">eng</subfield><subfield code="c">NVF</subfield><subfield code="d">CVF</subfield><subfield code="d">NVF</subfield><subfield code="d">OCLCF</subfield><subfield code="d">NVF</subfield><subfield code="d">OCLCO</subfield></datafield><datafield ind1="1" ind2=" " tag="029"><subfield code="a">AU@</subfield><subfield code="b">000020743135</subfield></datafield><datafield ind1=" " ind2=" " tag="042"><subfield code="a">pcc</subfield></datafield><datafield ind1=" " ind2=" " tag="043"><subfield code="a">n-us-il</subfield></datafield><datafield ind1="0" ind2="4" tag="245"><subfield code="a">The Granville echo.</subfield></datafield><datafield ind1=" " ind2=" " tag="260"><subfield code="a">Granville, Ill. :</subfield><subfield code="b">Echo Printing Co.</subfield></datafield><datafield ind1=" " ind2=" " tag="300"><subfield code="a">v.</subfield></datafield><datafield ind1=" " ind2=" " tag="310"><subfield code="a">Weekly</subfield></datafield><datafield ind1="1" ind2=" " tag="362"><subfield code="a">Began in 1904?</subfield></datafield><datafield ind1=" " ind2=" " tag="580"><subfield code="a">Merged with: Hennepin record, to form: Putnam County record (Granville, Ill.).</subfield></datafield><datafield ind1=" " ind2=" " tag="588"><subfield code="a">Description based on: 1st year, no. 46 (Apr. 8, 1904).</subfield></datafield><datafield ind1=" " ind2=" " tag="588"><subfield code="a">Latest issue consulted: Vol. 24, no. 36 (Jan. 27, 1927).</subfield></datafield><datafield ind1=" " ind2="0" tag="651"><subfield code="a">Granville (Ill.)</subfield><subfield code="v">Newspapers.</subfield></datafield><datafield ind1=" " ind2="7" tag="651"><subfield code="a">Illinois</subfield><subfield code="z">Granville.</subfield><subfield code="2">fast</subfield><subfield code="0">(OCoLC)fst01237676</subfield></datafield><datafield ind1=" " ind2="7" tag="655"><subfield code="a">Newspapers.</subfield><subfield code="2">fast</subfield><subfield code="0">(OCoLC)fst01423814</subfield></datafield><datafield ind1=" " ind2=" " tag="752"><subfield code="a">United States</subfield><subfield code="b">Illinois</subfield><subfield code="c">Putnam</subfield><subfield code="d">Granville.</subfield></datafield><datafield ind1="1" ind2="7" tag="785"><subfield code="t">Hennepin record</subfield><subfield code="w">(DLC)sn 87082784</subfield><subfield code="w">(OCoLC)15875127</subfield></datafield><datafield ind1="1" ind2="7" tag="785"><subfield code="t">Putnam County record (Granville, Ill.)</subfield><subfield code="w">(DLC)sn 92053269</subfield><subfield code="w">(OCoLC)25932693</subfield></datafield></record>